<?xml version="1.0" encoding="UTF-8"?><record xmlns="http://www.loc.gov/MARC21/slim" xmlns:cinclude="http://apache.org/cocoon/include/1.0" xmlns:zs="http://www.loc.gov/zing/srw/">
  <leader>00585nz  a2200121n  4500</leader>
  <controlfield tag="001">nr2001036863</controlfield>
  <controlfield tag="003">DLC</controlfield>
  <controlfield tag="005">20010911033125.0</controlfield>
  <controlfield tag="008">010910n| acannaabn          |n aaa     c</controlfield>
  <datafield tag="010" ind1=" " ind2=" ">
    <subfield code="a">nr2001036863</subfield>
  </datafield>
  <datafield tag="040" ind1=" " ind2=" ">
    <subfield code="a">CU-L</subfield>
    <subfield code="b">eng</subfield>
    <subfield code="c">CU-L</subfield>
  </datafield>
  <datafield tag="100" ind1="1" ind2=" ">
    <subfield code="a">Brun, Alain</subfield>
  </datafield>
  <datafield tag="670" ind1=" " ind2=" ">
    <subfield code="a">Datenschutz in der Schweiz und in Europa =, 1999:</subfield>
    <subfield code="b">t.p. (Alain Brun) p. 235 (Alain Brun, Administrateur Principal, Commission Européene, Direction Générale XV, Marché intérieur et services financiers, Libre Circulation de d'information, protection des données et les aspects internationaux s'y référant, Bruxelles)</subfield>
  </datafield>
</record>